<record xmlns:ns0="http://worldcat.org/rb"><ns0:leader>00000cpcaa22000007a 4500</ns0:leader>
        <ns0:controlfield tag="001">ocm70926124</ns0:controlfield>
        <ns0:controlfield tag="003">OCoLC</ns0:controlfield>
        <ns0:controlfield tag="005">20150113222019.6</ns0:controlfield>
        <ns0:controlfield tag="008">000802i19741975mau                 eng d</ns0:controlfield>
        <ns0:datafield ind1=" " ind2=" " tag="010">
          <ns0:subfield code="a">   00520339 </ns0:subfield>
    </ns0:datafield>
        <ns0:datafield ind1=" " ind2=" " tag="035">
          <ns0:subfield code="a">(OCoLC)70926124</ns0:subfield>
    </ns0:datafield>
        <ns0:datafield ind1=" " ind2=" " tag="040">
          <ns0:subfield code="a">MBU</ns0:subfield>
          <ns0:subfield code="b">eng</ns0:subfield>
          <ns0:subfield code="e">appm</ns0:subfield>
          <ns0:subfield code="c">DLC</ns0:subfield>
          <ns0:subfield code="d">OCLCO</ns0:subfield>
    </ns0:datafield>
        <ns0:datafield ind1=" " ind2=" " tag="049">
          <ns0:subfield code="a">BOSY</ns0:subfield>
    </ns0:datafield>
        <datafield ind1=" " ind2=" " tag="099"><subfield code="a">121557</subfield></datafield><ns0:datafield ind1="1" ind2=" " tag="100">
          <ns0:subfield code="a">Ainsztein, Reuben.</ns0:subfield>
    </ns0:datafield>
        <ns0:datafield ind1="0" ind2="0" tag="245">
          <ns0:subfield code="a">Reuben Ainsztein collection,</ns0:subfield>
          <ns0:subfield code="f">1974-1975.</ns0:subfield>
    </ns0:datafield>
        <ns0:datafield ind1=" " ind2=" " tag="300">
          <ns0:subfield code="a">1 linear ft.</ns0:subfield>
    </ns0:datafield>
        <ns0:datafield ind1="8" ind2=" " tag="520">
          <ns0:subfield code="a">Manuscript for Jewish Resistance in Nazi-Occupied Eastern Europe (1974) and photograph.</ns0:subfield>
    </ns0:datafield>
        <ns0:datafield ind1=" " ind2=" " tag="545">
          <ns0:subfield code="a">Journalist; eyewitness expert on Nazi atrocities in Eastern Europe.</ns0:subfield>
    </ns0:datafield>
        <ns0:datafield ind1="8" ind2=" " tag="555">
          <ns0:subfield code="a">Finding aid in the repository.</ns0:subfield>
    </ns0:datafield>
        <ns0:datafield ind1=" " ind2="0" tag="650">
          <ns0:subfield code="a">World War, 1939-1945</ns0:subfield>
          <ns0:subfield code="x">Jewish resistance.</ns0:subfield>
    </ns0:datafield>
        <ns0:datafield ind1=" " ind2="0" tag="650">
          <ns0:subfield code="a">World War, 1939-1945</ns0:subfield>
          <ns0:subfield code="x">Participation, Jewish.</ns0:subfield>
    </ns0:datafield>
        <ns0:datafield ind1=" " ind2="0" tag="651">
          <ns0:subfield code="a">Warsaw (Poland)</ns0:subfield>
          <ns0:subfield code="x">History</ns0:subfield>
          <ns0:subfield code="y">Warsaw Ghetto Uprising, 1943.</ns0:subfield>
    </ns0:datafield>
        <ns0:datafield ind1=" " ind2="7" tag="656">
          <ns0:subfield code="a">Journalists.</ns0:subfield>
          <ns0:subfield code="2">lcsh</ns0:subfield>
    </ns0:datafield>
        <ns0:datafield ind1=" " ind2=" " tag="851">
          <ns0:subfield code="a">Boston University,</ns0:subfield>
          <ns0:subfield code="b">Dept. of Special Collections</ns0:subfield>
          <ns0:subfield code="c">(Boston, Mass.).</ns0:subfield>
    </ns0:datafield>
        <datafield ind1="4" ind2="2" tag="856"><subfield code="u">http://hgar-srv3.bu.edu/collections/collection?id=121557</subfield></datafield><ns0:datafield ind1=" " ind2=" " tag="936">
          <ns0:subfield code="a">Original Encoding Level: 1</ns0:subfield>
    </ns0:datafield>
  </record>