<record xmlns:ns0="http://worldcat.org/rb"><ns0:leader>00000cpcaa22000007a 4500</ns0:leader>
        <ns0:controlfield tag="001">ocm70974139</ns0:controlfield>
        <ns0:controlfield tag="003">OCoLC</ns0:controlfield>
        <ns0:controlfield tag="005">20160401094913.4</ns0:controlfield>
        <ns0:controlfield tag="008">040707i19732000mau                 eng d</ns0:controlfield>
        <ns0:datafield ind1=" " ind2=" " tag="010">
          <ns0:subfield code="a">  2004590321</ns0:subfield>
    </ns0:datafield>
        <ns0:datafield ind1=" " ind2=" " tag="035">
          <ns0:subfield code="a">(OCoLC)70974139</ns0:subfield>
    </ns0:datafield>
        <ns0:datafield ind1=" " ind2=" " tag="040">
          <ns0:subfield code="a">MBU</ns0:subfield>
          <ns0:subfield code="e">appm</ns0:subfield>
          <ns0:subfield code="b">eng</ns0:subfield>
          <ns0:subfield code="c">DLC</ns0:subfield>
          <ns0:subfield code="d">OCLCQ</ns0:subfield>
          <ns0:subfield code="d">OCLCO</ns0:subfield>
          <ns0:subfield code="d">OCLCF</ns0:subfield>
          <ns0:subfield code="d">OCLCO</ns0:subfield>
    </ns0:datafield>
        <ns0:datafield ind1=" " ind2=" " tag="049">
          <ns0:subfield code="a">BOSY</ns0:subfield>
    </ns0:datafield>
        <datafield ind1=" " ind2=" " tag="099"><subfield code="a">121524</subfield></datafield><ns0:datafield ind1="1" ind2=" " tag="100">
          <ns0:subfield code="a">Allbeury, Ted.</ns0:subfield>
    </ns0:datafield>
        <ns0:datafield ind1="0" ind2="0" tag="245">
          <ns0:subfield code="a">Ted Allbeury collection,</ns0:subfield>
          <ns0:subfield code="f">1973-2000.</ns0:subfield>
    </ns0:datafield>
        <ns0:datafield ind1=" " ind2=" " tag="300">
          <ns0:subfield code="a">45 linear ft.</ns0:subfield>
    </ns0:datafield>
        <ns0:datafield ind1=" " ind2=" " tag="500">
          <ns0:subfield code="a">In part, copies.</ns0:subfield>
    </ns0:datafield>
        <ns0:datafield ind1=" " ind2=" " tag="500">
          <ns0:subfield code="a">This entry replaces NUCMC MS 85-62.</ns0:subfield>
    </ns0:datafield>
        <ns0:datafield ind1="8" ind2=" " tag="520">
          <ns0:subfield code="a">Holographs, typescripts with holograph corrections, carbon typescripts, and photocopies of typescripts of his writings in variant drafts; page proofs; some publishing correspondence; research materials; and other papers.</ns0:subfield>
    </ns0:datafield>
        <ns0:datafield ind1=" " ind2=" " tag="545">
          <ns0:subfield code="a">English author of novels and suspense novels; b. Theodore Edward le Bouthillier Allbeury, 1917; writes under his own name and pseudonyms Richard Butler and Patrick Kelly.</ns0:subfield>
    </ns0:datafield>
        <ns0:datafield ind1="8" ind2=" " tag="555">
          <ns0:subfield code="a">Finding aid in the repository.</ns0:subfield>
    </ns0:datafield>
        <ns0:datafield ind1=" " ind2="7" tag="648">
          <ns0:subfield code="a">1900-1999</ns0:subfield>
          <ns0:subfield code="2">fast</ns0:subfield>
    </ns0:datafield>
        <ns0:datafield ind1=" " ind2="0" tag="650">
          <ns0:subfield code="a">English literature</ns0:subfield>
          <ns0:subfield code="y">20th century.</ns0:subfield>
    </ns0:datafield>
        <ns0:datafield ind1=" " ind2="0" tag="650">
          <ns0:subfield code="a">Authors and publishers.</ns0:subfield>
    </ns0:datafield>
        <ns0:datafield ind1=" " ind2="7" tag="650">
          <ns0:subfield code="a">Authors and publishers.</ns0:subfield>
          <ns0:subfield code="2">fast</ns0:subfield>
          <ns0:subfield code="0">(OCoLC)fst00821733</ns0:subfield>
    </ns0:datafield>
        <ns0:datafield ind1=" " ind2="7" tag="650">
          <ns0:subfield code="a">English literature.</ns0:subfield>
          <ns0:subfield code="2">fast</ns0:subfield>
          <ns0:subfield code="0">(OCoLC)fst00911989</ns0:subfield>
    </ns0:datafield>
        <ns0:datafield ind1=" " ind2="0" tag="655">
          <ns0:subfield code="a">Detective and mystery stories.</ns0:subfield>
    </ns0:datafield>
        <ns0:datafield ind1=" " ind2="7" tag="655">
          <ns0:subfield code="a">Holographs.</ns0:subfield>
          <ns0:subfield code="2">aat</ns0:subfield>
    </ns0:datafield>
        <ns0:datafield ind1=" " ind2="7" tag="655">
          <ns0:subfield code="a">Detective and mystery fiction.</ns0:subfield>
          <ns0:subfield code="2">fast</ns0:subfield>
          <ns0:subfield code="0">(OCoLC)fst01726581</ns0:subfield>
    </ns0:datafield>
        <ns0:datafield ind1=" " ind2="7" tag="655">
          <ns0:subfield code="a">Fiction.</ns0:subfield>
          <ns0:subfield code="2">fast</ns0:subfield>
          <ns0:subfield code="0">(OCoLC)fst01423787</ns0:subfield>
    </ns0:datafield>
        <ns0:datafield ind1=" " ind2="7" tag="655">
          <ns0:subfield code="a">Fiction.</ns0:subfield>
          <ns0:subfield code="2">lcgft</ns0:subfield>
    </ns0:datafield>
        <ns0:datafield ind1=" " ind2="7" tag="656">
          <ns0:subfield code="a">Authors, English.</ns0:subfield>
          <ns0:subfield code="2">lcsh</ns0:subfield>
    </ns0:datafield>
        <ns0:datafield ind1=" " ind2=" " tag="851">
          <ns0:subfield code="a">Boston University,</ns0:subfield>
          <ns0:subfield code="b">Howard Gotlieb Archival Research Center</ns0:subfield>
          <ns0:subfield code="c">(Boston, Mass.)</ns0:subfield>
    </ns0:datafield>
        <datafield ind1="4" ind2="2" tag="856"><subfield code="u">http://hgar-srv3.bu.edu/collections/collection?id=121524</subfield></datafield><ns0:datafield ind1=" " ind2=" " tag="936">
          <ns0:subfield code="a">Original Encoding Level: 1</ns0:subfield>
    </ns0:datafield>
  </record>