<record xmlns:ns0="http://worldcat.org/rb"><ns0:leader>00000cpcaa22000007a 4500</ns0:leader>
        <ns0:controlfield tag="001">ocm70960355</ns0:controlfield>
        <ns0:controlfield tag="003">OCoLC</ns0:controlfield>
        <ns0:controlfield tag="005">20160807001336.3</ns0:controlfield>
        <ns0:controlfield tag="008">010129i19602000mau                 eng d</ns0:controlfield>
        <ns0:datafield ind1=" " ind2=" " tag="010">
          <ns0:subfield code="a">  2001540862</ns0:subfield>
    </ns0:datafield>
        <ns0:datafield ind1=" " ind2=" " tag="035">
          <ns0:subfield code="a">(OCoLC)70960355</ns0:subfield>
    </ns0:datafield>
        <ns0:datafield ind1=" " ind2=" " tag="040">
          <ns0:subfield code="a">MBU</ns0:subfield>
          <ns0:subfield code="b">eng</ns0:subfield>
          <ns0:subfield code="e">appm</ns0:subfield>
          <ns0:subfield code="c">DLC</ns0:subfield>
          <ns0:subfield code="d">OCLCG</ns0:subfield>
          <ns0:subfield code="d">OCLCA</ns0:subfield>
          <ns0:subfield code="d">OCLCQ</ns0:subfield>
          <ns0:subfield code="d">OCLCO</ns0:subfield>
          <ns0:subfield code="d">OCLCA</ns0:subfield>
          <ns0:subfield code="d">OCLCF</ns0:subfield>
          <ns0:subfield code="d">OCL</ns0:subfield>
    </ns0:datafield>
        <ns0:datafield ind1=" " ind2=" " tag="043">
          <ns0:subfield code="a">n-us---</ns0:subfield>
    </ns0:datafield>
        <ns0:datafield ind1=" " ind2=" " tag="049">
          <ns0:subfield code="a">BOSY</ns0:subfield>
    </ns0:datafield>
        <datafield ind1=" " ind2=" " tag="099"><subfield code="a">121548</subfield></datafield><ns0:datafield ind1="1" ind2=" " tag="100">
          <ns0:subfield code="a">Alperovitz, Gar.</ns0:subfield>
    </ns0:datafield>
        <ns0:datafield ind1="0" ind2="0" tag="245">
          <ns0:subfield code="a">Gar Alperovitz collection,</ns0:subfield>
          <ns0:subfield code="f">1960-2000.</ns0:subfield>
    </ns0:datafield>
        <ns0:datafield ind1=" " ind2=" " tag="300">
          <ns0:subfield code="a">699 linear ft.</ns0:subfield>
    </ns0:datafield>
        <ns0:datafield ind1=" " ind2=" " tag="500">
          <ns0:subfield code="a">A few photocopies of works of others.</ns0:subfield>
    </ns0:datafield>
        <ns0:datafield ind1=" " ind2=" " tag="506">
          <ns0:subfield code="a">Access restricted;</ns0:subfield>
          <ns0:subfield code="c">materials closed until permission granted,</ns0:subfield>
          <ns0:subfield code="b">per Alperovitz's request.</ns0:subfield>
    </ns0:datafield>
        <ns0:datafield ind1="8" ind2=" " tag="520">
          <ns0:subfield code="a">Manuscripts, correspondence, research matter, printed materials, and office files, reflecting Alperovitz's career.</ns0:subfield>
          <ns0:subfield code="b">Subjects include his activies as legislative director to U.S. Senator Gaylord Nelson (1964-1965); special assistant to U.S. Assistant Secretary of State for International Organization Affairs (1965-1966); fellow, Kings College, Cambridge, England (1964-1968); Harvard University (1965-1968); Institute for Policy Studies (1968-1969); co-director, Cambridge Institute, Cambridge, Mass. (1968-1971); director, Exploratory Project for Economic Alternatives (1973-present); guest professor, University of Notre Dame (1982-1983); and guest scholar, Brookings Institution.</ns0:subfield>
    </ns0:datafield>
        <ns0:datafield ind1=" " ind2=" " tag="545">
          <ns0:subfield code="a">American economist, professor, and author; b. 1936.</ns0:subfield>
    </ns0:datafield>
        <ns0:datafield ind1="8" ind2=" " tag="555">
          <ns0:subfield code="a">Finding aid in the repository.</ns0:subfield>
    </ns0:datafield>
        <ns0:datafield ind1="1" ind2="0" tag="600">
          <ns0:subfield code="a">Nelson, Gaylord,</ns0:subfield>
          <ns0:subfield code="d">1916-2005.</ns0:subfield>
    </ns0:datafield>
        <ns0:datafield ind1="1" ind2="7" tag="600">
          <ns0:subfield code="a">Nelson, Gaylord,</ns0:subfield>
          <ns0:subfield code="d">1916-2005.</ns0:subfield>
          <ns0:subfield code="2">fast</ns0:subfield>
          <ns0:subfield code="0">(OCoLC)fst01717458</ns0:subfield>
    </ns0:datafield>
        <ns0:datafield ind1="1" ind2="0" tag="610">
          <ns0:subfield code="a">United States.</ns0:subfield>
          <ns0:subfield code="b">Department of State.</ns0:subfield>
          <ns0:subfield code="b">Bureau of International Organization Affairs.</ns0:subfield>
    </ns0:datafield>
        <ns0:datafield ind1="2" ind2="0" tag="610">
          <ns0:subfield code="a">King's College (University of Cambridge)</ns0:subfield>
    </ns0:datafield>
        <ns0:datafield ind1="2" ind2="0" tag="610">
          <ns0:subfield code="a">Harvard University.</ns0:subfield>
    </ns0:datafield>
        <ns0:datafield ind1="2" ind2="0" tag="610">
          <ns0:subfield code="a">Institute for Policy Studies.</ns0:subfield>
    </ns0:datafield>
        <ns0:datafield ind1="2" ind2="0" tag="610">
          <ns0:subfield code="a">Cambridge Institute (Cambridge, Mass.)</ns0:subfield>
    </ns0:datafield>
        <ns0:datafield ind1="2" ind2="0" tag="610">
          <ns0:subfield code="a">Exploratory Project for Economic Alternatives (U.S.)</ns0:subfield>
    </ns0:datafield>
        <ns0:datafield ind1="2" ind2="0" tag="610">
          <ns0:subfield code="a">University of Notre Dame.</ns0:subfield>
    </ns0:datafield>
        <ns0:datafield ind1="2" ind2="0" tag="610">
          <ns0:subfield code="a">Brookings Institution.</ns0:subfield>
    </ns0:datafield>
        <ns0:datafield ind1="2" ind2="7" tag="610">
          <ns0:subfield code="a">Brookings Institution.</ns0:subfield>
          <ns0:subfield code="2">fast</ns0:subfield>
          <ns0:subfield code="0">(OCoLC)fst00557808</ns0:subfield>
    </ns0:datafield>
        <ns0:datafield ind1="2" ind2="7" tag="610">
          <ns0:subfield code="a">Cambridge Institute (Cambridge, Mass.)</ns0:subfield>
          <ns0:subfield code="2">fast</ns0:subfield>
          <ns0:subfield code="0">(OCoLC)fst01560948</ns0:subfield>
    </ns0:datafield>
        <ns0:datafield ind1="2" ind2="7" tag="610">
          <ns0:subfield code="a">Exploratory Project for Economic Alternatives (U.S.)</ns0:subfield>
          <ns0:subfield code="2">fast</ns0:subfield>
          <ns0:subfield code="0">(OCoLC)fst01450117</ns0:subfield>
    </ns0:datafield>
        <ns0:datafield ind1="2" ind2="7" tag="610">
          <ns0:subfield code="a">Harvard University.</ns0:subfield>
          <ns0:subfield code="2">fast</ns0:subfield>
          <ns0:subfield code="0">(OCoLC)fst00528983</ns0:subfield>
    </ns0:datafield>
        <ns0:datafield ind1="2" ind2="7" tag="610">
          <ns0:subfield code="a">Institute for Policy Studies.</ns0:subfield>
          <ns0:subfield code="2">fast</ns0:subfield>
          <ns0:subfield code="0">(OCoLC)fst00533776</ns0:subfield>
    </ns0:datafield>
        <ns0:datafield ind1="2" ind2="7" tag="610">
          <ns0:subfield code="a">King's College (University of Cambridge)</ns0:subfield>
          <ns0:subfield code="2">fast</ns0:subfield>
          <ns0:subfield code="0">(OCoLC)fst00538158</ns0:subfield>
    </ns0:datafield>
        <ns0:datafield ind1="1" ind2="7" tag="610">
          <ns0:subfield code="a">United States.</ns0:subfield>
          <ns0:subfield code="b">Department of State.</ns0:subfield>
          <ns0:subfield code="b">Bureau of International Organization Affairs.</ns0:subfield>
          <ns0:subfield code="2">fast</ns0:subfield>
          <ns0:subfield code="0">(OCoLC)fst01852909</ns0:subfield>
    </ns0:datafield>
        <ns0:datafield ind1="2" ind2="7" tag="610">
          <ns0:subfield code="a">University of Notre Dame.</ns0:subfield>
          <ns0:subfield code="2">fast</ns0:subfield>
          <ns0:subfield code="0">(OCoLC)fst00530446</ns0:subfield>
    </ns0:datafield>
        <ns0:datafield ind1=" " ind2="7" tag="648">
          <ns0:subfield code="a">1900-1999</ns0:subfield>
          <ns0:subfield code="2">fast</ns0:subfield>
    </ns0:datafield>
        <ns0:datafield ind1=" " ind2="0" tag="650">
          <ns0:subfield code="a">Economics</ns0:subfield>
          <ns0:subfield code="x">Study and teaching</ns0:subfield>
          <ns0:subfield code="z">United States.</ns0:subfield>
    </ns0:datafield>
        <ns0:datafield ind1=" " ind2="7" tag="650">
          <ns0:subfield code="a">Diplomatic relations.</ns0:subfield>
          <ns0:subfield code="2">fast</ns0:subfield>
          <ns0:subfield code="0">(OCoLC)fst01907412</ns0:subfield>
    </ns0:datafield>
        <ns0:datafield ind1=" " ind2="7" tag="650">
          <ns0:subfield code="a">Economic policy.</ns0:subfield>
          <ns0:subfield code="2">fast</ns0:subfield>
          <ns0:subfield code="0">(OCoLC)fst00902025</ns0:subfield>
    </ns0:datafield>
        <ns0:datafield ind1=" " ind2="7" tag="650">
          <ns0:subfield code="a">Economics</ns0:subfield>
          <ns0:subfield code="x">Study and teaching.</ns0:subfield>
          <ns0:subfield code="2">fast</ns0:subfield>
          <ns0:subfield code="0">(OCoLC)fst00902224</ns0:subfield>
    </ns0:datafield>
        <ns0:datafield ind1=" " ind2="7" tag="650">
          <ns0:subfield code="a">Politics and government</ns0:subfield>
          <ns0:subfield code="2">fast</ns0:subfield>
          <ns0:subfield code="0">(OCoLC)fst01919741</ns0:subfield>
    </ns0:datafield>
        <ns0:datafield ind1=" " ind2="0" tag="651">
          <ns0:subfield code="a">United States</ns0:subfield>
          <ns0:subfield code="x">Economic policy.</ns0:subfield>
    </ns0:datafield>
        <ns0:datafield ind1=" " ind2="0" tag="651">
          <ns0:subfield code="a">United States</ns0:subfield>
          <ns0:subfield code="x">Foreign relations</ns0:subfield>
          <ns0:subfield code="y">20th century.</ns0:subfield>
    </ns0:datafield>
        <ns0:datafield ind1=" " ind2="0" tag="651">
          <ns0:subfield code="a">United States</ns0:subfield>
          <ns0:subfield code="x">Politics and government.</ns0:subfield>
    </ns0:datafield>
        <ns0:datafield ind1=" " ind2="7" tag="651">
          <ns0:subfield code="a">United States.</ns0:subfield>
          <ns0:subfield code="2">fast</ns0:subfield>
          <ns0:subfield code="0">(OCoLC)fst01204155</ns0:subfield>
    </ns0:datafield>
        <ns0:datafield ind1=" " ind2="7" tag="656">
          <ns0:subfield code="a">Economists</ns0:subfield>
          <ns0:subfield code="z">United States.</ns0:subfield>
          <ns0:subfield code="2">lcsh</ns0:subfield>
    </ns0:datafield>
        <ns0:datafield ind1=" " ind2="7" tag="656">
          <ns0:subfield code="a">Teachers</ns0:subfield>
          <ns0:subfield code="z">United States.</ns0:subfield>
          <ns0:subfield code="2">lcsh</ns0:subfield>
    </ns0:datafield>
        <ns0:datafield ind1=" " ind2=" " tag="851">
          <ns0:subfield code="a">Boston University,</ns0:subfield>
          <ns0:subfield code="b">Dept. of Special Collections</ns0:subfield>
          <ns0:subfield code="c">(Boston, Mass.)</ns0:subfield>
    </ns0:datafield>
        <datafield ind1="4" ind2="2" tag="856"><subfield code="u">http://hgar-srv3.bu.edu/collections/collection?id=121548</subfield></datafield><ns0:datafield ind1=" " ind2=" " tag="936">
          <ns0:subfield code="a">Original Encoding Level: 1</ns0:subfield>
    </ns0:datafield>
  </record>