<record xmlns:ns0="http://worldcat.org/rb"><ns0:leader>00000cpcaa22000007a 4500</ns0:leader>
        <ns0:controlfield tag="001">ocm70969625</ns0:controlfield>
        <ns0:controlfield tag="003">OCoLC</ns0:controlfield>
        <ns0:controlfield tag="005">20160807002434.8</ns0:controlfield>
        <ns0:controlfield tag="008">030417i196u1999mau                 eng d</ns0:controlfield>
        <ns0:datafield ind1=" " ind2=" " tag="010">
          <ns0:subfield code="a">  2003562481</ns0:subfield>
    </ns0:datafield>
        <ns0:datafield ind1=" " ind2=" " tag="035">
          <ns0:subfield code="a">(OCoLC)70969625</ns0:subfield>
    </ns0:datafield>
        <ns0:datafield ind1=" " ind2=" " tag="040">
          <ns0:subfield code="a">MBU</ns0:subfield>
          <ns0:subfield code="e">appm</ns0:subfield>
          <ns0:subfield code="b">eng</ns0:subfield>
          <ns0:subfield code="c">DLC</ns0:subfield>
          <ns0:subfield code="d">OCLCQ</ns0:subfield>
          <ns0:subfield code="d">OCLCF</ns0:subfield>
          <ns0:subfield code="d">OCLCO</ns0:subfield>
          <ns0:subfield code="d">OCL</ns0:subfield>
          <ns0:subfield code="d">OCLCO</ns0:subfield>
          <ns0:subfield code="d">OCL</ns0:subfield>
          <ns0:subfield code="d">OCLCO</ns0:subfield>
          <ns0:subfield code="d">OCL</ns0:subfield>
    </ns0:datafield>
        <ns0:datafield ind1=" " ind2=" " tag="049">
          <ns0:subfield code="a">BOSY</ns0:subfield>
    </ns0:datafield>
        <datafield ind1=" " ind2=" " tag="099"><subfield code="a">121259</subfield></datafield><ns0:datafield ind1="1" ind2=" " tag="100">
          <ns0:subfield code="a">Anglund, Joan Walsh.</ns0:subfield>
    </ns0:datafield>
        <ns0:datafield ind1="0" ind2="0" tag="245">
          <ns0:subfield code="a">Joan Walsh Anglund collection,</ns0:subfield>
          <ns0:subfield code="f">[196-]-1999.</ns0:subfield>
    </ns0:datafield>
        <ns0:datafield ind1=" " ind2=" " tag="300">
          <ns0:subfield code="a">140 linear ft.</ns0:subfield>
    </ns0:datafield>
        <ns0:datafield ind1=" " ind2=" " tag="500">
          <ns0:subfield code="a">In part, copies.</ns0:subfield>
    </ns0:datafield>
        <ns0:datafield ind1="8" ind2=" " tag="520">
          <ns0:subfield code="a">Manuscripts, correspondence, photographs, audiotapes, research material, personal memorabilia, printed material, financial material, and legal material.</ns0:subfield>
    </ns0:datafield>
        <ns0:datafield ind1=" " ind2=" " tag="545">
          <ns0:subfield code="a">American author and illustrator of children's literature; b. 1926.</ns0:subfield>
    </ns0:datafield>
        <ns0:datafield ind1="8" ind2=" " tag="555">
          <ns0:subfield code="a">Finding aid in the repository.</ns0:subfield>
    </ns0:datafield>
        <ns0:datafield ind1=" " ind2="7" tag="648">
          <ns0:subfield code="a">1900-1999</ns0:subfield>
          <ns0:subfield code="2">fast</ns0:subfield>
    </ns0:datafield>
        <ns0:datafield ind1=" " ind2="0" tag="650">
          <ns0:subfield code="a">Children's literature, American.</ns0:subfield>
    </ns0:datafield>
        <ns0:datafield ind1=" " ind2="0" tag="650">
          <ns0:subfield code="a">Children's literature</ns0:subfield>
          <ns0:subfield code="v">Illustrations.</ns0:subfield>
    </ns0:datafield>
        <ns0:datafield ind1=" " ind2="0" tag="650">
          <ns0:subfield code="a">American literature</ns0:subfield>
          <ns0:subfield code="y">20th century.</ns0:subfield>
    </ns0:datafield>
        <ns0:datafield ind1=" " ind2="0" tag="650">
          <ns0:subfield code="a">American literature</ns0:subfield>
          <ns0:subfield code="x">Women authors.</ns0:subfield>
    </ns0:datafield>
        <ns0:datafield ind1=" " ind2="7" tag="650">
          <ns0:subfield code="a">American literature.</ns0:subfield>
          <ns0:subfield code="2">fast</ns0:subfield>
          <ns0:subfield code="0">(OCoLC)fst00807113</ns0:subfield>
    </ns0:datafield>
        <ns0:datafield ind1=" " ind2="7" tag="650">
          <ns0:subfield code="a">American literature</ns0:subfield>
          <ns0:subfield code="x">Women authors.</ns0:subfield>
          <ns0:subfield code="2">fast</ns0:subfield>
          <ns0:subfield code="0">(OCoLC)fst00807271</ns0:subfield>
    </ns0:datafield>
        <ns0:datafield ind1=" " ind2="7" tag="650">
          <ns0:subfield code="a">Children's literature.</ns0:subfield>
          <ns0:subfield code="2">fast</ns0:subfield>
          <ns0:subfield code="0">(OCoLC)fst01759351</ns0:subfield>
    </ns0:datafield>
        <ns0:datafield ind1=" " ind2="7" tag="650">
          <ns0:subfield code="a">Children's literature, American.</ns0:subfield>
          <ns0:subfield code="2">fast</ns0:subfield>
          <ns0:subfield code="0">(OCoLC)fst00855882</ns0:subfield>
    </ns0:datafield>
        <ns0:datafield ind1=" " ind2="7" tag="655">
          <ns0:subfield code="a">Audiotapes.</ns0:subfield>
          <ns0:subfield code="2">aat</ns0:subfield>
    </ns0:datafield>
        <ns0:datafield ind1=" " ind2="7" tag="655">
          <ns0:subfield code="a">Photographs.</ns0:subfield>
          <ns0:subfield code="2">fast</ns0:subfield>
          <ns0:subfield code="0">(OCoLC)fst01423689</ns0:subfield>
    </ns0:datafield>
        <ns0:datafield ind1=" " ind2="7" tag="655">
          <ns0:subfield code="a">Illustrated works.</ns0:subfield>
          <ns0:subfield code="2">fast</ns0:subfield>
          <ns0:subfield code="0">(OCoLC)fst01423873</ns0:subfield>
    </ns0:datafield>
        <ns0:datafield ind1=" " ind2="7" tag="655">
          <ns0:subfield code="a">Photographs.</ns0:subfield>
          <ns0:subfield code="2">lcgft</ns0:subfield>
    </ns0:datafield>
        <ns0:datafield ind1=" " ind2="7" tag="656">
          <ns0:subfield code="a">Women authors, American.</ns0:subfield>
          <ns0:subfield code="2">lcsh</ns0:subfield>
    </ns0:datafield>
        <ns0:datafield ind1=" " ind2="7" tag="656">
          <ns0:subfield code="a">Women illustrators</ns0:subfield>
          <ns0:subfield code="z">United States.</ns0:subfield>
          <ns0:subfield code="2">lcsh</ns0:subfield>
    </ns0:datafield>
        <ns0:datafield ind1=" " ind2=" " tag="851">
          <ns0:subfield code="a">Boston University,</ns0:subfield>
          <ns0:subfield code="b">Howard Gotlieb Archival Research Center</ns0:subfield>
          <ns0:subfield code="c">(Boston, Mass.)</ns0:subfield>
    </ns0:datafield>
        <datafield ind1="4" ind2="2" tag="856"><subfield code="u">http://hgar-srv3.bu.edu/collections/collection?id=121259</subfield></datafield><ns0:datafield ind1=" " ind2=" " tag="936">
          <ns0:subfield code="a">Original Encoding Level: 1</ns0:subfield>
    </ns0:datafield>
  </record>