<record xmlns:ns0="http://worldcat.org/rb"><ns0:leader>00000cpcaa22000007a 4500</ns0:leader>
        <ns0:controlfield tag="001">ocm70976960</ns0:controlfield>
        <ns0:controlfield tag="003">OCoLC</ns0:controlfield>
        <ns0:controlfield tag="005">20160718212225.1</ns0:controlfield>
        <ns0:controlfield tag="008">050324i19401976mau                 eng d</ns0:controlfield>
        <ns0:datafield ind1=" " ind2=" " tag="010">
          <ns0:subfield code="a">  2005574884</ns0:subfield>
    </ns0:datafield>
        <ns0:datafield ind1=" " ind2=" " tag="035">
          <ns0:subfield code="a">(OCoLC)70976960</ns0:subfield>
    </ns0:datafield>
        <ns0:datafield ind1=" " ind2=" " tag="040">
          <ns0:subfield code="a">MBU</ns0:subfield>
          <ns0:subfield code="e">appm</ns0:subfield>
          <ns0:subfield code="b">eng</ns0:subfield>
          <ns0:subfield code="c">DLC</ns0:subfield>
          <ns0:subfield code="d">OCLCQ</ns0:subfield>
          <ns0:subfield code="d">OCLCG</ns0:subfield>
          <ns0:subfield code="d">OCLCQ</ns0:subfield>
          <ns0:subfield code="d">OCLCA</ns0:subfield>
          <ns0:subfield code="d">OCLCF</ns0:subfield>
          <ns0:subfield code="d">OCLCO</ns0:subfield>
          <ns0:subfield code="d">OCL</ns0:subfield>
    </ns0:datafield>
        <ns0:datafield ind1=" " ind2=" " tag="043">
          <ns0:subfield code="a">n-us---</ns0:subfield>
    </ns0:datafield>
        <ns0:datafield ind1=" " ind2=" " tag="049">
          <ns0:subfield code="a">BOSY</ns0:subfield>
    </ns0:datafield>
        <datafield ind1=" " ind2=" " tag="099"><subfield code="a">121564</subfield></datafield><ns0:datafield ind1="1" ind2=" " tag="100">
          <ns0:subfield code="a">Ansell, Jack.</ns0:subfield>
    </ns0:datafield>
        <ns0:datafield ind1="0" ind2="0" tag="245">
          <ns0:subfield code="a">Jack Ansell collection,</ns0:subfield>
          <ns0:subfield code="f">1940-1976.</ns0:subfield>
    </ns0:datafield>
        <ns0:datafield ind1=" " ind2=" " tag="300">
          <ns0:subfield code="a">18 linear ft.</ns0:subfield>
    </ns0:datafield>
        <ns0:datafield ind1=" " ind2=" " tag="500">
          <ns0:subfield code="a">In part, copies.</ns0:subfield>
    </ns0:datafield>
        <ns0:datafield ind1=" " ind2=" " tag="500">
          <ns0:subfield code="a">This entry replaces NUCMC MS 85-66.</ns0:subfield>
    </ns0:datafield>
        <ns0:datafield ind1="8" ind2=" " tag="520">
          <ns0:subfield code="a">Papers including holographs, typescripts and carbon typescripts of Ansell's works (novels, poetry, plays, short stories) in various drafts; holograph notes; galleys; juvenilia; printed pieces; publicity and reviews of his works; photographs; scrapbook; correspondence; and memorabilia.</ns0:subfield>
          <ns0:subfield code="b">Includes group of letters and related items regarding the Pi Tau Pi Fraternity, of which he was a member and three mss. by Meir Z. Ribalow. Correspondents include Margaret Cousins, James Duffy, Eddie Fisher, William Hanley, Rust Hills, Lucas Longo, and Stephen Longstreet.</ns0:subfield>
    </ns0:datafield>
        <ns0:datafield ind1=" " ind2=" " tag="545">
          <ns0:subfield code="a">American author, journalist, and television executive; frequent lecturer on topics concerning the portrayal of the Jew in modern American fiction, drama, and broadcasting; b. 1925; d. 1976.</ns0:subfield>
    </ns0:datafield>
        <ns0:datafield ind1="8" ind2=" " tag="555">
          <ns0:subfield code="a">Finding aid in the repository.</ns0:subfield>
    </ns0:datafield>
        <ns0:datafield ind1="1" ind2="0" tag="600">
          <ns0:subfield code="a">Cousins, Margaret,</ns0:subfield>
          <ns0:subfield code="d">1905-1996</ns0:subfield>
          <ns0:subfield code="v">Correspondence.</ns0:subfield>
    </ns0:datafield>
        <ns0:datafield ind1="1" ind2="0" tag="600">
          <ns0:subfield code="a">Duffy, James,</ns0:subfield>
          <ns0:subfield code="d">1923-</ns0:subfield>
          <ns0:subfield code="v">Correspondence.</ns0:subfield>
    </ns0:datafield>
        <ns0:datafield ind1="1" ind2="0" tag="600">
          <ns0:subfield code="a">Fisher, Eddie</ns0:subfield>
          <ns0:subfield code="v">Correspondence.</ns0:subfield>
    </ns0:datafield>
        <ns0:datafield ind1="1" ind2="0" tag="600">
          <ns0:subfield code="a">Hanley, William,</ns0:subfield>
          <ns0:subfield code="d">1931-2012</ns0:subfield>
          <ns0:subfield code="v">Correspondence.</ns0:subfield>
    </ns0:datafield>
        <ns0:datafield ind1="1" ind2="0" tag="600">
          <ns0:subfield code="a">Hills, L. Rust</ns0:subfield>
          <ns0:subfield code="v">Correspondence.</ns0:subfield>
    </ns0:datafield>
        <ns0:datafield ind1="1" ind2="0" tag="600">
          <ns0:subfield code="a">Longo, Lucas,</ns0:subfield>
          <ns0:subfield code="d">1919-1992</ns0:subfield>
          <ns0:subfield code="v">Correspondence.</ns0:subfield>
    </ns0:datafield>
        <ns0:datafield ind1="1" ind2="0" tag="600">
          <ns0:subfield code="a">Longstreet, Stephen,</ns0:subfield>
          <ns0:subfield code="d">1907-2002</ns0:subfield>
          <ns0:subfield code="v">Correspondence.</ns0:subfield>
    </ns0:datafield>
        <ns0:datafield ind1="1" ind2="7" tag="600">
          <ns0:subfield code="a">Cousins, Margaret,</ns0:subfield>
          <ns0:subfield code="d">1905-1996.</ns0:subfield>
          <ns0:subfield code="2">fast</ns0:subfield>
          <ns0:subfield code="0">(OCoLC)fst01721915</ns0:subfield>
    </ns0:datafield>
        <ns0:datafield ind1="1" ind2="7" tag="600">
          <ns0:subfield code="a">Duffy, James,</ns0:subfield>
          <ns0:subfield code="d">1923-</ns0:subfield>
          <ns0:subfield code="2">fast</ns0:subfield>
          <ns0:subfield code="0">(OCoLC)fst01443525</ns0:subfield>
    </ns0:datafield>
        <ns0:datafield ind1="1" ind2="7" tag="600">
          <ns0:subfield code="a">Fisher, Eddie.</ns0:subfield>
          <ns0:subfield code="2">fast</ns0:subfield>
          <ns0:subfield code="0">(OCoLC)fst00076571</ns0:subfield>
    </ns0:datafield>
        <ns0:datafield ind1="1" ind2="7" tag="600">
          <ns0:subfield code="a">Hanley, William,</ns0:subfield>
          <ns0:subfield code="d">1931-2012.</ns0:subfield>
          <ns0:subfield code="2">fast</ns0:subfield>
          <ns0:subfield code="0">(OCoLC)fst01798376</ns0:subfield>
    </ns0:datafield>
        <ns0:datafield ind1="1" ind2="7" tag="600">
          <ns0:subfield code="a">Hills, L. Rust.</ns0:subfield>
          <ns0:subfield code="2">fast</ns0:subfield>
          <ns0:subfield code="0">(OCoLC)fst00011963</ns0:subfield>
    </ns0:datafield>
        <ns0:datafield ind1="1" ind2="7" tag="600">
          <ns0:subfield code="a">Longo, Lucas,</ns0:subfield>
          <ns0:subfield code="d">1919-1992.</ns0:subfield>
          <ns0:subfield code="2">fast</ns0:subfield>
          <ns0:subfield code="0">(OCoLC)fst01574910</ns0:subfield>
    </ns0:datafield>
        <ns0:datafield ind1="1" ind2="7" tag="600">
          <ns0:subfield code="a">Longstreet, Stephen,</ns0:subfield>
          <ns0:subfield code="d">1907-2002.</ns0:subfield>
          <ns0:subfield code="2">fast</ns0:subfield>
          <ns0:subfield code="0">(OCoLC)fst01439594</ns0:subfield>
    </ns0:datafield>
        <ns0:datafield ind1="2" ind2="0" tag="610">
          <ns0:subfield code="a">Pi Tau Pi.</ns0:subfield>
    </ns0:datafield>
        <ns0:datafield ind1="2" ind2="7" tag="610">
          <ns0:subfield code="a">Pi Tau Pi.</ns0:subfield>
          <ns0:subfield code="2">fast</ns0:subfield>
          <ns0:subfield code="0">(OCoLC)fst01519401</ns0:subfield>
    </ns0:datafield>
        <ns0:datafield ind1=" " ind2="7" tag="648">
          <ns0:subfield code="a">1900-1999</ns0:subfield>
          <ns0:subfield code="2">fast</ns0:subfield>
    </ns0:datafield>
        <ns0:datafield ind1=" " ind2="0" tag="650">
          <ns0:subfield code="a">American literature</ns0:subfield>
          <ns0:subfield code="y">20th century.</ns0:subfield>
    </ns0:datafield>
        <ns0:datafield ind1=" " ind2="0" tag="650">
          <ns0:subfield code="a">American literature</ns0:subfield>
          <ns0:subfield code="x">Jewish authors.</ns0:subfield>
    </ns0:datafield>
        <ns0:datafield ind1=" " ind2="0" tag="650">
          <ns0:subfield code="a">Jews in literature.</ns0:subfield>
    </ns0:datafield>
        <ns0:datafield ind1=" " ind2="0" tag="650">
          <ns0:subfield code="a">Greek letter societies.</ns0:subfield>
    </ns0:datafield>
        <ns0:datafield ind1=" " ind2="0" tag="650">
          <ns0:subfield code="a">Jews</ns0:subfield>
          <ns0:subfield code="z">United States</ns0:subfield>
          <ns0:subfield code="x">Societies, etc.</ns0:subfield>
    </ns0:datafield>
        <ns0:datafield ind1=" " ind2="0" tag="650">
          <ns0:subfield code="a">Television</ns0:subfield>
          <ns0:subfield code="x">Production and direction</ns0:subfield>
          <ns0:subfield code="z">United States.</ns0:subfield>
    </ns0:datafield>
        <ns0:datafield ind1=" " ind2="7" tag="650">
          <ns0:subfield code="a">American literature.</ns0:subfield>
          <ns0:subfield code="2">fast</ns0:subfield>
          <ns0:subfield code="0">(OCoLC)fst00807113</ns0:subfield>
    </ns0:datafield>
        <ns0:datafield ind1=" " ind2="7" tag="650">
          <ns0:subfield code="a">American literature</ns0:subfield>
          <ns0:subfield code="x">Jewish authors.</ns0:subfield>
          <ns0:subfield code="2">fast</ns0:subfield>
          <ns0:subfield code="0">(OCoLC)fst00807197</ns0:subfield>
    </ns0:datafield>
        <ns0:datafield ind1=" " ind2="7" tag="650">
          <ns0:subfield code="a">Greek letter societies.</ns0:subfield>
          <ns0:subfield code="2">fast</ns0:subfield>
          <ns0:subfield code="0">(OCoLC)fst00947430</ns0:subfield>
    </ns0:datafield>
        <ns0:datafield ind1=" " ind2="7" tag="650">
          <ns0:subfield code="a">Jews in literature.</ns0:subfield>
          <ns0:subfield code="2">fast</ns0:subfield>
          <ns0:subfield code="0">(OCoLC)fst00983388</ns0:subfield>
    </ns0:datafield>
        <ns0:datafield ind1=" " ind2="7" tag="650">
          <ns0:subfield code="a">Jews</ns0:subfield>
          <ns0:subfield code="x">Societies, etc.</ns0:subfield>
          <ns0:subfield code="2">fast</ns0:subfield>
          <ns0:subfield code="0">(OCoLC)fst00983369</ns0:subfield>
    </ns0:datafield>
        <ns0:datafield ind1=" " ind2="7" tag="650">
          <ns0:subfield code="a">Television</ns0:subfield>
          <ns0:subfield code="x">Production and direction.</ns0:subfield>
          <ns0:subfield code="2">fast</ns0:subfield>
          <ns0:subfield code="0">(OCoLC)fst01146585</ns0:subfield>
    </ns0:datafield>
        <ns0:datafield ind1=" " ind2="7" tag="651">
          <ns0:subfield code="a">United States.</ns0:subfield>
          <ns0:subfield code="2">fast</ns0:subfield>
          <ns0:subfield code="0">(OCoLC)fst01204155</ns0:subfield>
    </ns0:datafield>
        <ns0:datafield ind1=" " ind2="7" tag="655">
          <ns0:subfield code="a">Poems.</ns0:subfield>
          <ns0:subfield code="2">aat</ns0:subfield>
    </ns0:datafield>
        <ns0:datafield ind1=" " ind2="7" tag="655">
          <ns0:subfield code="a">Plays.</ns0:subfield>
          <ns0:subfield code="2">aat</ns0:subfield>
    </ns0:datafield>
        <ns0:datafield ind1=" " ind2="7" tag="655">
          <ns0:subfield code="a">Holographs.</ns0:subfield>
          <ns0:subfield code="2">aat</ns0:subfield>
    </ns0:datafield>
        <ns0:datafield ind1=" " ind2="7" tag="655">
          <ns0:subfield code="a">Fiction.</ns0:subfield>
          <ns0:subfield code="2">aat</ns0:subfield>
    </ns0:datafield>
        <ns0:datafield ind1=" " ind2="7" tag="655">
          <ns0:subfield code="a">Galley proofs.</ns0:subfield>
          <ns0:subfield code="2">aat</ns0:subfield>
    </ns0:datafield>
        <ns0:datafield ind1=" " ind2="7" tag="655">
          <ns0:subfield code="a">Reviews.</ns0:subfield>
          <ns0:subfield code="2">aat</ns0:subfield>
    </ns0:datafield>
        <ns0:datafield ind1=" " ind2="7" tag="655">
          <ns0:subfield code="a">Photographs.</ns0:subfield>
          <ns0:subfield code="2">fast</ns0:subfield>
          <ns0:subfield code="0">(OCoLC)fst01423689</ns0:subfield>
    </ns0:datafield>
        <ns0:datafield ind1=" " ind2="7" tag="655">
          <ns0:subfield code="a">Novels.</ns0:subfield>
          <ns0:subfield code="2">fast</ns0:subfield>
          <ns0:subfield code="0">(OCoLC)fst01921742</ns0:subfield>
    </ns0:datafield>
        <ns0:datafield ind1=" " ind2="7" tag="655">
          <ns0:subfield code="a">Records and correspondence.</ns0:subfield>
          <ns0:subfield code="2">fast</ns0:subfield>
          <ns0:subfield code="0">(OCoLC)fst01423917</ns0:subfield>
    </ns0:datafield>
        <ns0:datafield ind1=" " ind2="7" tag="655">
          <ns0:subfield code="a">Scrapbooks.</ns0:subfield>
          <ns0:subfield code="2">fast</ns0:subfield>
          <ns0:subfield code="0">(OCoLC)fst01726784</ns0:subfield>
    </ns0:datafield>
        <ns0:datafield ind1=" " ind2="7" tag="655">
          <ns0:subfield code="a">Short stories.</ns0:subfield>
          <ns0:subfield code="2">fast</ns0:subfield>
          <ns0:subfield code="0">(OCoLC)fst01726740</ns0:subfield>
    </ns0:datafield>
        <ns0:datafield ind1=" " ind2="7" tag="655">
          <ns0:subfield code="a">Novels.</ns0:subfield>
          <ns0:subfield code="2">lcgft</ns0:subfield>
    </ns0:datafield>
        <ns0:datafield ind1=" " ind2="7" tag="655">
          <ns0:subfield code="a">Short stories.</ns0:subfield>
          <ns0:subfield code="2">lcgft</ns0:subfield>
    </ns0:datafield>
        <ns0:datafield ind1=" " ind2="7" tag="655">
          <ns0:subfield code="a">Scrapbooks.</ns0:subfield>
          <ns0:subfield code="2">lcgft</ns0:subfield>
    </ns0:datafield>
        <ns0:datafield ind1=" " ind2="7" tag="655">
          <ns0:subfield code="a">Photographs.</ns0:subfield>
          <ns0:subfield code="2">lcgft</ns0:subfield>
    </ns0:datafield>
        <ns0:datafield ind1=" " ind2="7" tag="656">
          <ns0:subfield code="a">Authors, American.</ns0:subfield>
          <ns0:subfield code="2">lcsh</ns0:subfield>
    </ns0:datafield>
        <ns0:datafield ind1=" " ind2="7" tag="656">
          <ns0:subfield code="a">Journalists.</ns0:subfield>
          <ns0:subfield code="2">lcsh</ns0:subfield>
    </ns0:datafield>
        <ns0:datafield ind1=" " ind2="7" tag="656">
          <ns0:subfield code="a">Television producers and directors.</ns0:subfield>
          <ns0:subfield code="2">lcsh</ns0:subfield>
    </ns0:datafield>
        <ns0:datafield ind1="1" ind2=" " tag="700">
          <ns0:subfield code="a">Ribalow, M. Z.</ns0:subfield>
          <ns0:subfield code="q">(Meir Z.)</ns0:subfield>
    </ns0:datafield>
        <ns0:datafield ind1=" " ind2=" " tag="851">
          <ns0:subfield code="a">Boston University,</ns0:subfield>
          <ns0:subfield code="b">Howard Gotlieb Archival Research Center</ns0:subfield>
          <ns0:subfield code="c">(Boston, Mass.)</ns0:subfield>
    </ns0:datafield>
        <datafield ind1="4" ind2="2" tag="856"><subfield code="u">http://hgar-srv3.bu.edu/collections/collection?id=121564</subfield></datafield><ns0:datafield ind1=" " ind2=" " tag="936">
          <ns0:subfield code="a">Original Encoding Level: 1</ns0:subfield>
    </ns0:datafield>
  </record>