<record xmlns:ns0="http://worldcat.org/rb"><ns0:leader>00000cpcaa22000007a 4500</ns0:leader>
        <ns0:controlfield tag="001">ocm70976964</ns0:controlfield>
        <ns0:controlfield tag="003">OCoLC</ns0:controlfield>
        <ns0:controlfield tag="005">20150113231557.1</ns0:controlfield>
        <ns0:controlfield tag="008">050324i19201980mau                 eng d</ns0:controlfield>
        <ns0:datafield ind1=" " ind2=" " tag="010">
          <ns0:subfield code="a">  2005574889</ns0:subfield>
    </ns0:datafield>
        <ns0:datafield ind1=" " ind2=" " tag="035">
          <ns0:subfield code="a">(OCoLC)70976964</ns0:subfield>
    </ns0:datafield>
        <ns0:datafield ind1=" " ind2=" " tag="040">
          <ns0:subfield code="a">MBU</ns0:subfield>
          <ns0:subfield code="e">appm</ns0:subfield>
          <ns0:subfield code="b">eng</ns0:subfield>
          <ns0:subfield code="c">DLC</ns0:subfield>
          <ns0:subfield code="d">OCLCQ</ns0:subfield>
          <ns0:subfield code="d">OCLCG</ns0:subfield>
          <ns0:subfield code="d">OCLCQ</ns0:subfield>
          <ns0:subfield code="d">OCLCO</ns0:subfield>
    </ns0:datafield>
        <ns0:datafield ind1=" " ind2=" " tag="043">
          <ns0:subfield code="a">n-us---</ns0:subfield>
    </ns0:datafield>
        <ns0:datafield ind1=" " ind2=" " tag="049">
          <ns0:subfield code="a">BOSY</ns0:subfield>
    </ns0:datafield>
        <datafield ind1=" " ind2=" " tag="099"><subfield code="a">121563</subfield></datafield><ns0:datafield ind1="1" ind2=" " tag="100">
          <ns0:subfield code="a">Armstrong, Charlotte,</ns0:subfield>
          <ns0:subfield code="d">1905-1969.</ns0:subfield>
    </ns0:datafield>
        <ns0:datafield ind1="0" ind2="0" tag="245">
          <ns0:subfield code="a">Charlotte Armstrong collection,</ns0:subfield>
          <ns0:subfield code="f">1920-1980.</ns0:subfield>
    </ns0:datafield>
        <ns0:datafield ind1=" " ind2=" " tag="300">
          <ns0:subfield code="a">32.5 linear ft.</ns0:subfield>
    </ns0:datafield>
        <ns0:datafield ind1=" " ind2=" " tag="500">
          <ns0:subfield code="a">In part, copies.</ns0:subfield>
    </ns0:datafield>
        <ns0:datafield ind1="8" ind2=" " tag="520">
          <ns0:subfield code="a">Manuscripts: novels, short stories, plays, screenplays, teleplays, novellas, novellettes, and poetry; correspondence; printed material; notebooks; legal material; photographs; and personal memorabilia.</ns0:subfield>
          <ns0:subfield code="b">Teleplays include scripts for Alfred Hitchcock Presents (1960), Climax! (1957), Ford Startime (1960), and Studio 57 (1954). Correspondents include Carl Brandt, Abraham Burack, Gelett Burgess, Liz Nealon, and Ellery Queen.</ns0:subfield>
    </ns0:datafield>
        <ns0:datafield ind1=" " ind2=" " tag="545">
          <ns0:subfield code="a">American author, novelist, screenwriter, and writer of television plays; often wrote in mystery and suspense genres.</ns0:subfield>
    </ns0:datafield>
        <ns0:datafield ind1="1" ind2="0" tag="600">
          <ns0:subfield code="a">Brandt, Carl</ns0:subfield>
          <ns0:subfield code="v">Correspondence.</ns0:subfield>
    </ns0:datafield>
        <ns0:datafield ind1="1" ind2="0" tag="600">
          <ns0:subfield code="a">Burack, A. S.</ns0:subfield>
          <ns0:subfield code="q">(Abraham Saul),</ns0:subfield>
          <ns0:subfield code="d">1908-</ns0:subfield>
          <ns0:subfield code="v">Correspondence.</ns0:subfield>
    </ns0:datafield>
        <ns0:datafield ind1="1" ind2="0" tag="600">
          <ns0:subfield code="a">Burgess, Gelett</ns0:subfield>
          <ns0:subfield code="v">Correspondence.</ns0:subfield>
    </ns0:datafield>
        <ns0:datafield ind1="1" ind2="0" tag="600">
          <ns0:subfield code="a">Nealon, Liz</ns0:subfield>
          <ns0:subfield code="v">Correspondence.</ns0:subfield>
    </ns0:datafield>
        <ns0:datafield ind1="1" ind2="0" tag="600">
          <ns0:subfield code="a">Queen, Ellery</ns0:subfield>
          <ns0:subfield code="v">Correspondence.</ns0:subfield>
    </ns0:datafield>
        <ns0:datafield ind1="0" ind2="0" tag="630">
          <ns0:subfield code="a">Alfred Hitchcock presents.</ns0:subfield>
    </ns0:datafield>
        <ns0:datafield ind1="0" ind2="0" tag="630">
          <ns0:subfield code="a">Clima X.</ns0:subfield>
    </ns0:datafield>
        <ns0:datafield ind1="0" ind2="0" tag="630">
          <ns0:subfield code="a">Ford startime.</ns0:subfield>
    </ns0:datafield>
        <ns0:datafield ind1="0" ind2="0" tag="630">
          <ns0:subfield code="a">Studio 57.</ns0:subfield>
    </ns0:datafield>
        <ns0:datafield ind1=" " ind2="0" tag="650">
          <ns0:subfield code="a">American literature</ns0:subfield>
          <ns0:subfield code="y">20th century.</ns0:subfield>
    </ns0:datafield>
        <ns0:datafield ind1=" " ind2="0" tag="650">
          <ns0:subfield code="a">American literature</ns0:subfield>
          <ns0:subfield code="x">Women authors.</ns0:subfield>
    </ns0:datafield>
        <ns0:datafield ind1=" " ind2="0" tag="650">
          <ns0:subfield code="a">Television authorship</ns0:subfield>
          <ns0:subfield code="z">United States.</ns0:subfield>
    </ns0:datafield>
        <ns0:datafield ind1=" " ind2="0" tag="650">
          <ns0:subfield code="a">Motion picture authorship</ns0:subfield>
          <ns0:subfield code="z">United States.</ns0:subfield>
    </ns0:datafield>
        <ns0:datafield ind1=" " ind2="0" tag="650">
          <ns0:subfield code="a">Motion picture plays</ns0:subfield>
          <ns0:subfield code="x">Women authors.</ns0:subfield>
    </ns0:datafield>
        <ns0:datafield ind1=" " ind2="0" tag="655">
          <ns0:subfield code="a">Detective and mystery stories, American.</ns0:subfield>
    </ns0:datafield>
        <ns0:datafield ind1=" " ind2="0" tag="655">
          <ns0:subfield code="a">Television plays.</ns0:subfield>
    </ns0:datafield>
        <ns0:datafield ind1=" " ind2="0" tag="655">
          <ns0:subfield code="a">Screenplays.</ns0:subfield>
    </ns0:datafield>
        <ns0:datafield ind1=" " ind2="0" tag="655">
          <ns0:subfield code="a">Novels.</ns0:subfield>
    </ns0:datafield>
        <ns0:datafield ind1=" " ind2="7" tag="655">
          <ns0:subfield code="a">Poems.</ns0:subfield>
          <ns0:subfield code="2">aat</ns0:subfield>
    </ns0:datafield>
        <ns0:datafield ind1=" " ind2="7" tag="655">
          <ns0:subfield code="a">Photographs.</ns0:subfield>
          <ns0:subfield code="2">lcgft</ns0:subfield>
    </ns0:datafield>
        <ns0:datafield ind1=" " ind2="7" tag="656">
          <ns0:subfield code="a">Women authors, American.</ns0:subfield>
          <ns0:subfield code="2">lcsh</ns0:subfield>
    </ns0:datafield>
        <ns0:datafield ind1=" " ind2="7" tag="656">
          <ns0:subfield code="a">Television writers</ns0:subfield>
          <ns0:subfield code="z">United States.</ns0:subfield>
          <ns0:subfield code="2">lcsh</ns0:subfield>
    </ns0:datafield>
        <ns0:datafield ind1=" " ind2="7" tag="656">
          <ns0:subfield code="a">Women novelists, American.</ns0:subfield>
          <ns0:subfield code="2">lcsh</ns0:subfield>
    </ns0:datafield>
        <ns0:datafield ind1=" " ind2=" " tag="851">
          <ns0:subfield code="a">Boston University,</ns0:subfield>
          <ns0:subfield code="b">Howard Gotlieb Archival Research Center</ns0:subfield>
          <ns0:subfield code="c">(Boston, Mass.)</ns0:subfield>
    </ns0:datafield>
        <datafield ind1="4" ind2="2" tag="856"><subfield code="u">http://hgar-srv3.bu.edu/collections/collection?id=121563</subfield></datafield><ns0:datafield ind1=" " ind2=" " tag="936">
          <ns0:subfield code="a">Original Encoding Level: 1</ns0:subfield>
    </ns0:datafield>
  </record>