<record xmlns:ns0="http://worldcat.org/rb"><ns0:leader>00000cpcaa22000001a 4500</ns0:leader>
        <ns0:controlfield tag="001">ocn317675115</ns0:controlfield>
        <ns0:controlfield tag="003">OCoLC</ns0:controlfield>
        <ns0:controlfield tag="005">20170926125110.4</ns0:controlfield>
        <ns0:controlfield tag="008">090403i19261977mau                 eng d</ns0:controlfield>
        <ns0:datafield ind1=" " ind2=" " tag="010">
          <ns0:subfield code="a">  2009530628</ns0:subfield>
    </ns0:datafield>
        <ns0:datafield ind1=" " ind2=" " tag="035">
          <ns0:subfield code="a">(OCoLC)317675115</ns0:subfield>
    </ns0:datafield>
        <ns0:datafield ind1=" " ind2=" " tag="040">
          <ns0:subfield code="a">MBU</ns0:subfield>
          <ns0:subfield code="b">eng</ns0:subfield>
          <ns0:subfield code="e">dacs</ns0:subfield>
          <ns0:subfield code="c">NUCMC</ns0:subfield>
          <ns0:subfield code="d">NUCMC</ns0:subfield>
          <ns0:subfield code="d">OCLCF</ns0:subfield>
          <ns0:subfield code="d">OCLCO</ns0:subfield>
          <ns0:subfield code="d">OCLCA</ns0:subfield>
          <ns0:subfield code="d">OCL</ns0:subfield>
          <ns0:subfield code="d">OCLCA</ns0:subfield>
    </ns0:datafield>
        <ns0:datafield ind1=" " ind2=" " tag="049">
          <ns0:subfield code="a">BOSY</ns0:subfield>
    </ns0:datafield>
        <datafield ind1=" " ind2=" " tag="099"><subfield code="a">121264</subfield></datafield><ns0:datafield ind1="1" ind2=" " tag="100">
          <ns0:subfield code="a">Astor, Mary,</ns0:subfield>
          <ns0:subfield code="d">1906-1987.</ns0:subfield>
    </ns0:datafield>
        <ns0:datafield ind1="1" ind2="0" tag="245">
          <ns0:subfield code="a">Mary Astor collection,</ns0:subfield>
          <ns0:subfield code="f">1926-1977</ns0:subfield>
          <ns0:subfield code="g">bulk 1959-1977.</ns0:subfield>
    </ns0:datafield>
        <ns0:datafield ind1=" " ind2=" " tag="300">
          <ns0:subfield code="a">6.5 linear ft.</ns0:subfield>
    </ns0:datafield>
        <ns0:datafield ind1=" " ind2=" " tag="500">
          <ns0:subfield code="a">The material described in this catalog record is located in the collections of Boston University, Howard Gotlieb Archival Research Center.</ns0:subfield>
    </ns0:datafield>
        <ns0:datafield ind1="8" ind2=" " tag="520">
          <ns0:subfield code="a">Collection includes manuscripts, correspondence, printed material, and photographs.</ns0:subfield>
          <ns0:subfield code="b">Manuscripts in the collection include Astor's drafts of "My Story" (autobiography, Doubleday, 1959); "The Incredible Charlie Carewe" (novel, Doubleday, 1960); "The Image of Kate" (novel, Doubleday, 1962); "The O'Connors" (novel, Doubleday, 1964); "Goodbye Darling, Be Happy" (novel, Doubleday, 1965); "A Place Called Saturday" (novel, Delacorte, 1969); "A Life on Film" (autobiography, Delacorte, 1971); and "I Remember Elizabeth" (novel, unpublished, ca. 1977). Most of the correspondence in the collection is between Astor and her editors and publishers (ca. 1959 to 1977). Other letters include fan letters to Astor, letters regarding legal problems from individuals mentioned in "My Story", and a letter from Hedda Hopper to Astor regarding a column to be written by Astor for Hopper (not dated; clipping of column attached). Printed material in the collection consists primarily of clippings, reviews, and publicity regarding Astor and her books. Other items include a movie theater program for "Don Juan" (1926), starring Astor and John Barrymore, and three articles about Humphrey Bogart. Photographs in the collection consist of images used in "A Life on Film."</ns0:subfield>
    </ns0:datafield>
        <ns0:datafield ind1=" " ind2=" " tag="541">
          <ns0:subfield code="c">Gift;</ns0:subfield>
          <ns0:subfield code="a">Mary Astor;</ns0:subfield>
          <ns0:subfield code="d">1972-1979.</ns0:subfield>
    </ns0:datafield>
        <ns0:datafield ind1="0" ind2=" " tag="545">
          <ns0:subfield code="a">American actress and author; b. Lucile Langhanke.</ns0:subfield>
    </ns0:datafield>
        <ns0:datafield ind1="8" ind2=" " tag="555">
          <ns0:subfield code="a">Finding aid in the repository.</ns0:subfield>
    </ns0:datafield>
        <ns0:datafield ind1="1" ind2="0" tag="600">
          <ns0:subfield code="a">Barrymore, John,</ns0:subfield>
          <ns0:subfield code="d">1882-1942.</ns0:subfield>
    </ns0:datafield>
        <ns0:datafield ind1="1" ind2="0" tag="600">
          <ns0:subfield code="a">Bogart, Humphrey,</ns0:subfield>
          <ns0:subfield code="d">1899-1957.</ns0:subfield>
    </ns0:datafield>
        <ns0:datafield ind1="1" ind2="0" tag="600">
          <ns0:subfield code="a">Hopper, Hedda,</ns0:subfield>
          <ns0:subfield code="d">1885-1966</ns0:subfield>
          <ns0:subfield code="v">Correspondence.</ns0:subfield>
    </ns0:datafield>
        <ns0:datafield ind1="1" ind2="7" tag="600">
          <ns0:subfield code="a">Barrymore, John,</ns0:subfield>
          <ns0:subfield code="d">1882-1942.</ns0:subfield>
          <ns0:subfield code="2">fast</ns0:subfield>
          <ns0:subfield code="0">(OCoLC)fst00050176</ns0:subfield>
    </ns0:datafield>
        <ns0:datafield ind1="1" ind2="7" tag="600">
          <ns0:subfield code="a">Bogart, Humphrey,</ns0:subfield>
          <ns0:subfield code="d">1899-1957.</ns0:subfield>
          <ns0:subfield code="2">fast</ns0:subfield>
          <ns0:subfield code="0">(OCoLC)fst00002954</ns0:subfield>
    </ns0:datafield>
        <ns0:datafield ind1="1" ind2="7" tag="600">
          <ns0:subfield code="a">Hopper, Hedda,</ns0:subfield>
          <ns0:subfield code="d">1885-1966</ns0:subfield>
          <ns0:subfield code="2">fast</ns0:subfield>
          <ns0:subfield code="0">(OCoLC)fst00196561</ns0:subfield>
    </ns0:datafield>
        <ns0:datafield ind1=" " ind2="0" tag="650">
          <ns0:subfield code="a">Actresses</ns0:subfield>
          <ns0:subfield code="z">United States</ns0:subfield>
          <ns0:subfield code="v">Biography.</ns0:subfield>
    </ns0:datafield>
        <ns0:datafield ind1=" " ind2="0" tag="650">
          <ns0:subfield code="a">Motion picture actors and actresses</ns0:subfield>
          <ns0:subfield code="z">United States</ns0:subfield>
          <ns0:subfield code="v">Correspondence.</ns0:subfield>
    </ns0:datafield>
        <ns0:datafield ind1=" " ind2="0" tag="650">
          <ns0:subfield code="a">Motion picture industry</ns0:subfield>
          <ns0:subfield code="z">United States.</ns0:subfield>
    </ns0:datafield>
        <ns0:datafield ind1=" " ind2="7" tag="650">
          <ns0:subfield code="a">Actresses.</ns0:subfield>
          <ns0:subfield code="2">fast</ns0:subfield>
          <ns0:subfield code="0">(OCoLC)fst00796328</ns0:subfield>
    </ns0:datafield>
        <ns0:datafield ind1=" " ind2="7" tag="650">
          <ns0:subfield code="a">Motion picture actors and actresses.</ns0:subfield>
          <ns0:subfield code="2">fast</ns0:subfield>
          <ns0:subfield code="0">(OCoLC)fst01027096</ns0:subfield>
    </ns0:datafield>
        <ns0:datafield ind1=" " ind2="7" tag="650">
          <ns0:subfield code="a">Motion picture industry.</ns0:subfield>
          <ns0:subfield code="2">fast</ns0:subfield>
          <ns0:subfield code="0">(OCoLC)fst01027150</ns0:subfield>
    </ns0:datafield>
        <ns0:datafield ind1=" " ind2="7" tag="651">
          <ns0:subfield code="a">United States.</ns0:subfield>
          <ns0:subfield code="2">fast</ns0:subfield>
          <ns0:subfield code="0">(OCoLC)fst01204155</ns0:subfield>
    </ns0:datafield>
        <ns0:datafield ind1=" " ind2="7" tag="655">
          <ns0:subfield code="a">Photographs.</ns0:subfield>
          <ns0:subfield code="2">aat</ns0:subfield>
    </ns0:datafield>
        <ns0:datafield ind1=" " ind2="7" tag="655">
          <ns0:subfield code="a">Programs.</ns0:subfield>
          <ns0:subfield code="2">aat</ns0:subfield>
    </ns0:datafield>
        <ns0:datafield ind1=" " ind2="7" tag="655">
          <ns0:subfield code="a">Biography.</ns0:subfield>
          <ns0:subfield code="2">fast</ns0:subfield>
          <ns0:subfield code="0">(OCoLC)fst01423686</ns0:subfield>
    </ns0:datafield>
        <ns0:datafield ind1=" " ind2="7" tag="655">
          <ns0:subfield code="a">Records and correspondence.</ns0:subfield>
          <ns0:subfield code="2">fast</ns0:subfield>
          <ns0:subfield code="0">(OCoLC)fst01423917</ns0:subfield>
    </ns0:datafield>
        <ns0:datafield ind1=" " ind2="7" tag="656">
          <ns0:subfield code="a">Actresses</ns0:subfield>
          <ns0:subfield code="z">United States.</ns0:subfield>
          <ns0:subfield code="2">lcsh</ns0:subfield>
    </ns0:datafield>
        <ns0:datafield ind1=" " ind2="7" tag="656">
          <ns0:subfield code="a">Women authors, American.</ns0:subfield>
          <ns0:subfield code="2">lcsh</ns0:subfield>
    </ns0:datafield>
        <ns0:datafield ind1="0" ind2="2" tag="730">
          <ns0:subfield code="a">Don Juan.</ns0:subfield>
    </ns0:datafield>
        <ns0:datafield ind1="0" ind2="2" tag="730">
          <ns0:subfield code="a">Goodbye darling, be happy.</ns0:subfield>
    </ns0:datafield>
        <ns0:datafield ind1="0" ind2="2" tag="730">
          <ns0:subfield code="a">Image of Kate.</ns0:subfield>
    </ns0:datafield>
        <ns0:datafield ind1="0" ind2="2" tag="730">
          <ns0:subfield code="a">Incredible Charlie Carewe.</ns0:subfield>
    </ns0:datafield>
        <ns0:datafield ind1="0" ind2="2" tag="730">
          <ns0:subfield code="a">Life on film.</ns0:subfield>
    </ns0:datafield>
        <ns0:datafield ind1="0" ind2="2" tag="730">
          <ns0:subfield code="a">My story.</ns0:subfield>
    </ns0:datafield>
        <ns0:datafield ind1="0" ind2="2" tag="730">
          <ns0:subfield code="a">O'Conners.</ns0:subfield>
    </ns0:datafield>
        <ns0:datafield ind1="0" ind2="2" tag="730">
          <ns0:subfield code="a">Place called Saturday.</ns0:subfield>
    </ns0:datafield>
        <ns0:datafield ind1="0" ind2="2" tag="740">
          <ns0:subfield code="a">I remember Elizabeth.</ns0:subfield>
    </ns0:datafield>
        <ns0:datafield ind1=" " ind2=" " tag="851">
          <ns0:subfield code="a">Boston University, Howard Gotlieb Archival Research Center (Boston, Mass.).</ns0:subfield>
    </ns0:datafield>
  <datafield ind1="4" ind2="2" tag="856"><subfield code="u">http://hgar-srv3.bu.edu/collections/collection?id=121264</subfield></datafield></record>